@ARTICLE {Takenaga,
    author   = "Takenaga, Yasuhiko",
    title    = "Shikaku and Ripple Effect are NP-Complete",
    journal  = "Congressus Numerantium",
    year     = "2013",
    number   = "216",
    pages    = "119-128",
}
